<record xmlns="http://www.loc.gov/MARC21/slim" xmlns:xsi="http://www.w3.org/2001/XMLSchema-instance" xsi:schemaLocation="http://www.loc.gov/MARC21/slim http://www.loc.gov/standards/marcxml/schema/MARC21slim.xsd"><leader>00775cz   2200157n  4500</leader><controlfield tag="001">oca00884076 </controlfield><controlfield tag="005">20000511064407.0</controlfield><controlfield tag="008">840106n| acannaabn          |a aaa      </controlfield><datafield ind1=" " ind2=" " tag="010"><subfield code="a">n  82231398 </subfield></datafield><datafield ind1=" " ind2=" " tag="040"><subfield code="a">DLC</subfield><subfield code="b">eng</subfield><subfield code="c">DLC</subfield><subfield code="d">NIC</subfield><subfield code="d">OCoLC</subfield></datafield><datafield ind1="1" ind2=" " tag="100"><subfield code="a">Asconius Pedianus, Quintus,</subfield><subfield code="d">9 B.C.-76 A.D.</subfield></datafield><datafield ind1="1" ind2=" " tag="400"><subfield code="a">Pedianus, Quintus Asconius,</subfield><subfield code="d">9 B.C.-76 A.D.</subfield></datafield><datafield ind1="1" ind2=" " tag="400"><subfield code="a">Asconius Pedianus, Q.</subfield><subfield code="q">(Quintus),</subfield><subfield code="d">9 B.C.-76 A.D.</subfield></datafield><datafield ind1="0" ind2=" " tag="400"><subfield code="a">Asconius,</subfield><subfield code="d">9 B.C.-76 A.D.</subfield></datafield><datafield ind1=" " ind2=" " tag="670"><subfield code="a">Marshall, B.A. An historical commentary on Asconius, 1984:</subfield><subfield code="b">CIP t.p. (Asconius) in listing of ref. sources (Q. Asconii Pediani orationum Ciceronis quinque enarratio (Kiessling's &amp; Shoell's, 1875 ed. and Clark's 1907 Oxford ed.))</subfield></datafield><datafield ind1=" " ind2=" " tag="670"><subfield code="a">Oxford class. dict., 2nd ed., 1970</subfield><subfield code="b">(Asconius Pedianus, Quintus (9 B.C.-A.D. 76))</subfield></datafield></record>